<?xml version="1.0" encoding="UTF-8"?>
<Document xmlns="urn:iso:std:iso:20022:tech:xsd:pain.001.001.03" xmlns:xsi="http://www.w3.org/2001/XMLSchema-instance" xsi:schemaLocation="urn:iso:std:iso:20022:tech:xsd:pain.001.001.03 pain.001.001.03.xsd">
    <CstmrCdtTrfInitn>
        <GrpHdr>
            <MsgId>StuRa Export 5feb3462a3fbf</MsgId>
            <CreDtTm>2020-12-29T13:51:30Z</CreDtTm>
            <NbOfTxs>1</NbOfTxs>
            <CtrlSum>123.40</CtrlSum>
            <InitgPty>
                <Nm>StuRa FSU Jena</Nm>
            </InitgPty>
        </GrpHdr>
        <PmtInf>
            <PmtInfId>Payment 5feb3462a4d16</PmtInfId>
            <PmtMtd>TRF</PmtMtd>
            <BtchBookg>false</BtchBookg>
            <NbOfTxs>1</NbOfTxs>
            <CtrlSum>123.40</CtrlSum>
            <PmtTpInf>
                <SvcLvl>
                    <Cd>SEPA</Cd>
                </SvcLvl>
            </PmtTpInf>
            <ReqdExctnDt>2020-12-29</ReqdExctnDt>
            <Dbtr>
                <Nm>Max Mustermann</Nm>
            </Dbtr>
            <DbtrAcct>
                <Id>
                    <IBAN>DE97660501010000123456</IBAN>
                </Id>
                <Ccy>EUR</Ccy>
            </DbtrAcct>
            <DbtrAgt>
                <FinInstnId>
                    <BIC>KARSDE66XXX</BIC>
                </FinInstnId>
            </DbtrAgt>
            <ChrgBr>SLEV</ChrgBr>
            <CdtTrfTxInf>
                <PmtId>
                    <EndToEndId>ZA0001</EndToEndId>
                </PmtId>
                <Amt>
                    <InstdAmt Ccy="EUR">123.40</InstdAmt>
                </Amt>
                <CdtrAgt>
                    <FinInstnId>
                        <BIC>MARKDEF1820</BIC>
                    </FinInstnId>
                </CdtrAgt>
                <Cdtr>
                    <Nm>John Doe</Nm>
                </Cdtr>
                <CdtrAcct>
                    <Id>
                        <IBAN>DE09820000000083001503</IBAN>
                    </Id>
                </CdtrAcct>
                <RmtInf>
                    <Ustrd>Test payment  1</Ustrd>
                </RmtInf>
            </CdtTrfTxInf>
        </PmtInf>
    </CstmrCdtTrfInitn>
</Document>