<?xml version="1.0" encoding="UTF-8"?>
<Document xmlns="urn:iso:std:iso:20022:tech:xsd:pain.001.001.03" xmlns:xsi="http://www.w3.org/2001/XMLSchema-instance" xsi:schemaLocation="urn:iso:std:iso:20022:tech:xsd:pain.001.001.03 pain.001.001.03.xsd">
    <CstmrCdtTrfInitn>
        <GrpHdr>
            <MsgId>StuRa Export 5fed123169582</MsgId>
            <CreDtTm>2020-12-30T23:50:09Z</CreDtTm>
            <NbOfTxs>1</NbOfTxs>
            <CtrlSum>0.10</CtrlSum>
            <InitgPty>
                <Nm>StuRa FSU Jena</Nm>
            </InitgPty>
        </GrpHdr>
        <PmtInf>
            <PmtInfId>ZA0002 5fed123169590</PmtInfId>
            <PmtMtd>TRF</PmtMtd>
            <BtchBookg>false</BtchBookg>
            <NbOfTxs>1</NbOfTxs>
            <CtrlSum>0.10</CtrlSum>
            <PmtTpInf>
                <SvcLvl>
                    <Cd>SEPA</Cd>
                </SvcLvl>
            </PmtTpInf>
            <ReqdExctnDt>2020-12-30</ReqdExctnDt>
            <Dbtr>
                <Nm>Bank Account 2</Nm>
            </Dbtr>
            <DbtrAcct>
                <Id>
                    <IBAN>DE84660501010000129995</IBAN>
                </Id>
                <Ccy>EUR</Ccy>
            </DbtrAcct>
            <DbtrAgt>
                <FinInstnId>
                    <BIC>KARSDE66XXX</BIC>
                </FinInstnId>
            </DbtrAgt>
            <ChrgBr>SLEV</ChrgBr>
            <CdtTrfTxInf>
                <PmtId>
                    <EndToEndId>ZA0002</EndToEndId>
                </PmtId>
                <Amt>
                    <InstdAmt Ccy="EUR">0.10</InstdAmt>
                </Amt>
                <Cdtr>
                    <Nm>Uemlaeute Tesst</Nm>
                </Cdtr>
                <CdtrAcct>
                    <Id>
                        <IBAN>DE09500105175649523697</IBAN>
                    </Id>
                </CdtrAcct>
                <RmtInf>
                    <Ustrd>Test payment  2 My party  Place      () + -:. / ?</Ustrd>
                </RmtInf>
            </CdtTrfTxInf>
        </PmtInf>
    </CstmrCdtTrfInitn>
</Document>